%From page 2
@article{cox2018affine,
  title			=	{Affine parameter-dependent Lyapunov functions for LPV systems with affine dependence},
  author		=	{Cox, Pepijn B and Weiland, Siep and T{\'o}th, Roland},
  journal		=	{IEEE Transactions on Automatic Control},
  volume		=	{63},
  number		=	{11},
  pages			=	{3865--3872},
  year			=	{2018},
  publisher		=	{IEEE},
  doi			=	{10.1109/TAC.2018.2824982}
}

@article{kemin1996robust,
  title			=	{Robust and optimal control},
  author		=	{Kemin, Zhou and Doyle, John C and Glover, Keith and others},
  journal		=	{9780134565675},
  year			=	{1996}
}

%From page 208
@thesis{mercere2012identification,
  title       	= 	{Identification of multi-input multi-output state-space systems: from linear time-Invariant to linear parameter-varying models},
  author      	= 	{Merc{\`e}re, Guillaume},
  institution 	= 	{Poitiers University, France},
  month       	= 	{Nov},
  year        	= 	{2012},
  type        	= 	{HdR}
}

%From page 142
@thesis{vizer2015thesis,
  title			=	{Application of the {$\mathcal{H}$}{$\infty$}-norm for the identification of linear time-invariant and linear parameter-varying models},
  author		=	{Vizer, D{\'a}niel},
  institution	=	{Budapesti M{\H{u}}szaki {\'e}s Gazdas{\'a}gtudom{\'a}nyi Egyetem, Hungary},
  month			=	{Dec},
  year			=	{2015},
  type			=	{PhD}
}

%From page 21
@thesis{wood1995control,
  title			=	{Control of parameter-dependent mechanical systems},
  author		=	{Wood, Giles David},
  institution	=	{University of Cambridge, United Kingdom},
  month			=	{Nov},
  year			=	{1995},
  type			=	{PhD}
}

%From page 73
@book{lantos2010nonlinear,
  title			=	{Nonlinear control of vehicles and robots},
  author		=	{Lantos, B{\'e}la and M{\'a}rton, L{\H{o}}rinc},
  year			=	{2010},
  publisher		=	{Springer Science \& Business Media}
}

@book{bronshtein2013handbook,
  title			=	{Handbook of mathematics},
  author		=	{Bronshtein, Il{\'i}a Nikolaevich and Semendyayev, Konstantin A},
  year			=	{2013},
  publisher		=	{Springer Science \& Business Media}
}
	
@book{kailath1980linear,
  title			=	{Linear systems},
  author		=	{Kailath, Thomas},
  volume		=	{156},
  year			=	{1980},
  publisher		=	{Prentice-Hall Englewood Cliffs, NJ}
}

@book{doyle2013feedback,
  title			=	{Feedback control theory},
  author		=	{Doyle, John C and Francis, Bruce A and Tannenbaum, Allen R},
  year			=	{2013},
  publisher		=	{Courier Corporation}
}

@book{zhou1998essentials,
  title			=	{Essentials of robust control},
  author		=	{Zhou, Kemin and Doyle, John Comstock},
  volume		=	{104},
  year			=	{1998},
  publisher		=	{Prentice hall Upper Saddle River, NJ}
}

%From page 95, 373, also check 581
@misc{fazekas2010fundamentals,
  title			=	{Fundementals of control engineering},
  author		=	{Fazekas, Csaba},
  organization  =	{ThyssenKrupp Presta AG},
  year			=	{2010},
  month			=	{Sep},
  howpublished	=	{Internal training material of ThyssenKrupp}
}

%Figure
@misc{benyo2013eps,
  title         = 	{EPS steering system},
  author		=	{Beny{\'o}, Imre},
  organization  =	{ThyssenKrupp Presta AG},
  year          =	{2013},
  howpublished  = 	{Internal training material of ThyssenKrupp}
}

%Figure at page 7
@misc{paholics2006epas,
  title         = 	{EPAS steering column torque controller design description},
  author		=	{Paholics, G{\'a}bor},
  organization  =	{ThyssenKrupp Presta AG},
  year          =	{2006},
  howpublished  = 	{Internal training material of ThyssenKrupp}
}
